@online{robin_hirsch,
    author = {Robin Hirsch},
    title = {Robin Hirsch},
    url = {http://www.cs.ucl.ac.uk/staff/robin_hirsch/}
}